% Encoding: UTF-8
@article{7ptCNNforMel,
    author = "Saeed Alzahrani and Waleed Al-Nuaimy and Baidaa Al-Bander",
    title = "{Seven-Point Checklist with Convolutional Neural Networks for Melanoma Diagnosis}",
    DOI  = "https://ieeexplore.ieee.org/document/8946208",
    journal = "IEEE",
    year = "2019",
    keywords = "7pointCNN"
}

@article{mtl7ptCoppola,
    author = "Davide Coppola and Hwee Kuan Lee and Cuntai Guan",
    title = "{Interpreting mechanisms of prediction for skin cancer diagnosis using multi-task learning}",
    url  = "https://ieeexplore.ieee.org/document/9150967",
    journal = "IEEE",
    year = "2020",
    keywords = "mtl"
}

@online{melanoma1,
    author = "Mayo Clinic Staff",
    title = "{Melanoma, Mayo Clinic Staff}",
    url  = "https://www.mayoclinic.org/diseases-conditions/melanoma/symptoms-causes/syc-20374884#:~:text=Look%20for%20moles%20with%20irregular%2C%20notched%20or%20scalloped%20borders%20%E2%80%94%20characteristics,D%20is%20for%20diameter.",
    year="2020"
}


@online{Dermoscopy,
    author = "Ignazio Stanganelli and Maria Antonietta Pizzichetta",
    title = "{Dermoscopy}",
    url  = "https://emedicine.medscape.com/article/1130783-overview",
    month="March", 
    journal="MedScape",
    year="2018"
}

@article{7ptGeneralPractice,
    author = "Fiona M Walter and A Toby Prevost and Joana Vasconcelos and Per N Hall and Nigel P Burrows and Helen C Morris and Ann Louise Kinmonth and Jon D Emery",
    title = "{Using the 7-point checklist as a diagnostic aid for pigmented skin lesions in general practice: a diagnostic validation study}",
    DOI  = "https://bjgp.org/content/63/610/e345",
    year="2013",
    journal="British Journal of general practice"
}
@online{DeepLearning,
    author = "MARSHALL HARGRAVE",
    title = "{Deep Learning}",
    url  = "https://www.investopedia.com/terms/d/deep-learning.asp",
    year="May 17, 2021"
}
@article{deepLearningMRIimaging,
    author = "Alexander Selvikvåg Lundervold and Arvid Lundervold",
    title = "{An overview of deep learning in medical imaging focusing on MRI}",
    DOI  = "https://www.sciencedirect.com/science/article/pii/S0939388918301181",
    journal="ScienceDirect",
    year="2019"
}

@article{MTL,
    author = "RICH CARUANA",
    title = "{Multitask Learning}",
    DOI  = "https://doi.org/10.1023/A:1007379606734",
    year="1997",
    journal="Hybrid (Transformative Journal)"
    
}
@article{Kawahara,
    author = "Jeremy Kawahara and Sara Daneshvar and Giuseppe Argenziano and Ghassan Hamarneh",
    title = "{7-Point Checklist and Skin Lesion Classification using Multi-Task Multi-Modal Neural Nets}",
    DOI  = "https://ieeexplore.ieee.org/document/8333693",
    year="2018",
    journal="IEEE Journal of Biomedical and Health Informatics"
}
@book{Derm7ptData,
    author = "Giuseppe Argenziano and HP Soyer and V De Giorgi and Domenico Piccolo and Paolo Carli and Mario Delfino",
    title = "{Interactive atlas of dermoscopy}",
    url  = "https://espace.library.uq.edu.au/view/UQ:229410",
    publisher ="{Edra Medical Publishing \& New Media}",
    year="2000",
    ISBN="8886457308 9788886457309"

}
@article{MLinDermat,
    author = "Stephanie Chan and Vidhatha Reddy and Bridget Myers and Quinn Thibodeaux and Nicholas Brownstone and Wilson Liao",
    title = "{Machine Learning in Dermatology: Current
Applications, Opportunities, and Limitations}",
    DOI  = "https://link.springer.com/article/10.1007%2Fs13555-020-00372-0",
    journal=" Dermatol Ther (Heidelb)",
    year="2020"
}

@article{estevaMLinDerm,
    author = "Andre Esteva and Brett Kuprel and Roberto A. Novoa and Justin Ko and Susan M. Swetter and Helen M. Blau and Sebastian Thrun ",
    title = "{Dermatologist-level classification of skin cancer with deep neural networks}",
    DOI  = "https://www.nature.com/articles/nature21056",
    journal="Nature",
    year="2017"
}

@article{vanishinGradient,
    author = "Sepp Hochreiter",
    title = "{The Vanishing Gradient Problem During Learning Recurrent Neural Nets and Problem Solutions}",
    DOI  = "https://doi.org/10.1142/S0218488598000094",
    journal="International Journal of Uncertainty, Fuzziness and Knowledge-Based Systems",
    year="1998"
}
@article{CBM,
    author = "Pang Wei Koh and Thao Nguyen and Yew Siang Tang and Stephen Mussmann and Emma Pierson and Been Kim and Percy Liang",
    title = "{Concept Bottleneck Models}",
    DOI  = "https://arxiv.org/abs/2007.04612",
    journal="arXiv:2007.04612v3 [cs.LG]",
    year="29 Dec 2020"
    
}

@MISC{googleIncNet,
    title = "{Advanced Guide to Inception v3 on Cloud TPU}",
     howpublished={\url{https://cloud.google.com/tpu/docs/inception-v3-advanced}}
}
@article{ImageNet,
    author = "Olga Russakovsky and Jia Deng and Hao Su and Jonathan Krause and Sanjeev Satheesh and Sean Ma and Zhiheng Huang and Andrej Karpathy and Aditya Khosla and Michael Bernstein and Alexander C. Berg and Li Fei-Fei",
    title = "{ImageNet Large Scale Visual Recognition Challenge}",
    DOI  = "https://arxiv.org/pdf/1409.0575.pdf"
}
@article{HanWork,
    author = "Han and Seung Seog and Woohyung Lim and Myoung Shin Kim and Ilwoo Park and Gyeong Hun Park and Sung Eun Chang ",
    title = "{Interpretation of the Outputs of a Deep Learning Model Trained with a Skin Cancer Dataset}",
    DOI  = "https://pubmed.ncbi.nlm.nih.gov/29864434/ ",
    journal="arXiv:1409.0575 [cs.CV]",
    year="2014 "
}
@article{Resnet,
    author = "Kaiming He and Xiangyu Zhang and Shaoqing Ren and Jian Sun",
    title = "{Deep Residual Learning for Image Recognition
 }",
    DOI  = "https://arxiv.org/abs/1512.03385 ",
    journal="arXiv:1512.03385 [cs.CV]",
    year="Dec 2015"
}
@article{IsicChallenge,
    author = "Gutman D. and Codella N. C. and Celebi  E. and Helba B. and Marchetti M. and Mishra N. and Halpern A ",
    title = "{SKIN LESION ANALYSIS TOWARD MELANOMA DETECTION: A CHALLENGE AT THE 2017 INTERNATIONAL SYMPOSIUM ON BIOMEDICAL IMAGING (ISBI), HOSTED BY
THE INTERNATIONAL SKIN IMAGING COLLABORATION (ISIC) }",
    DOI  = "https://ieeexplore.ieee.org/document/8363547",
    journal="IEEE 15th International Symposium on Biomedical Imaging (ISBI 2018)",
    year="2018"
}
@article{StreakPred,
    author = "Hengameh Mirzaalian and Tim K Lee and Ghassan Hamarneh",
    title = "{Learning features for streak detection in dermoscopic color images using localized radial flux of principal intensity curvature}",
    DOI  = "https://ieeexplore.ieee.org/document/6164758",
    journal="IEEE Workshop on Mathematical Methods in Biomedical Image Analysis",
    year="2012"
}
@article{TransferLearning,
    author = "Wenyuan Dai and Qiang Yang and Gui-Rong Xue and Yong Yu",
    title = "{Boosting for transfer learning}",
    DOI  = "https://dl.acm.org/doi/10.1145/1273496.1273521",
    journal="ICML '07: Proceedings of the 24th international conference on Machine learning",
    year="2007"
}
@article{TransferLearningMedicalBackground,
    author = "Hoo-Chang Shin and Holger R Roth and Mingchen Gao and Le Lu, Ziyue Xu and Isabella Nogues and Jianhua Yao and Daniel Mollura and Ronald M Summers",
    title = "{Deep Convolutional Neural Networks for Computer-Aided Detection: CNN Architectures, Dataset Characteristics and Transfer Learning}",
    DOI  = "https://ieeexplore.ieee.org/document/7404017/",
    journal=" IEEE Transactions on Medical Imaging ",
    year="2016"
}

@article{multiDataset,
    author = "Tudor Nedelcu and Maria Vasconcelos and André Carreiro",
    title = "{Multi-Dataset Training for Skin Lesion Classification on Multimodal and
Multitask Deep Learning }",
    url  = "https://avestia.com/EECSS2020_Proceedings/files/paper/ICBES/ICBES_120.pdf",
    journal = "Proceedings of the 6th World Congress on Electrical Engineering and Computer Systems and Sciences (EECSS’20)",
    year="2020",
    DOI = "10.11159/icbes20.120"
}
@online{LogisticRegression,
author = "Avinash Navlani",
    title = "Understanding Logistic Regression in Python",
    addendum = "16.12.2019",
    url  = "https://www.datacamp.com/community/tutorials/understanding-logistic-regression-python"
}
@online{Inc&ResNet,
author = "Vihar Kurama",
    title = "A Review of Popular Deep Learning Architectures: ResNet, InceptionV3, and SqueezeNet",
    url  = "https://blog.paperspace.com/popular-deep-learning-architectures-resnet-inceptionv3-squeezenet/"
}
 @article{IncNet,
author = "Christian Szegedy and Vincent Vanhoucke and Sergey Ioffe and Jonathon Shlens and Zbigniew Wojna",
    title = "Rethinking the Inception Architecture for Computer Vision",
    addendum = "16.12.2019",
    DOI  = "https://arxiv.org/abs/1512.00567",
    journal="	arXiv:1512.00567 [cs.CV]"
}
@book{goodfellow,
    title = {Deep Learning },
    author = { Ian Goodfellow and Yoshua Bengio and Aaron Courville},
    isbn = {9780262035613},
    year = {2016},
    keywords = {deep learning}
}
@book{DeepLearningApproach,
    title = {Deep learning: a practitioners approach},
    author = {Josh Patterson and Adam Gibson},
    year = {OReilly, 2017},
    keywords = {deep learning}
}
@online{knuthwebsite,
    author = "Donald Knuth",
    title = "Knuth: Computers and Typesetting",
    url  = "http://www-cs-faculty.stanford.edu/~uno/abcde.html",
    addendum = "(accessed: 01.09.2016)",
    keywords = "latex,knuth"
}

@inbook{knuth-fa,
    author = "Donald E. Knuth",
    title = "Fundamental Algorithms",
    publisher = "Addison-Wesley",
    year = "1973",
    chapter = "1.2",
    keywords  = "knuth,programming"
}

@article{scikit-learn,
 title={Scikit-learn: Machine Learning in {P}ython},
 author={Pedregosa, F. and Varoquaux, G. and Gramfort, A. and Michel, V.
         and Thirion, B. and Grisel, O. and Blondel, M. and Prettenhofer, P.
         and Weiss, R. and Dubourg, V. and Vanderplas, J. and Passos, A. and
         Cournapeau, D. and Brucher, M. and Perrot, M. and Duchesnay, E.},
 journal={Journal of Machine Learning Research},
 volume={12},
 pages={2825--2830},
 year={2011}
}

@misc{tensorflow2015-whitepaper,
title={ {TensorFlow}: Large-Scale Machine Learning on Heterogeneous Systems},
url={https://www.tensorflow.org/},
note={Software available from tensorflow.org},
author={
    Mart\'{\i}n~Abadi and
    Ashish~Agarwal and
    Paul~Barham and
    Eugene~Brevdo and
    Zhifeng~Chen and
    Craig~Citro and
    Greg~S.~Corrado and
    Andy~Davis and
    Jeffrey~Dean and
    Matthieu~Devin and
    Sanjay~Ghemawat and
    Ian~Goodfellow and
    Andrew~Harp and
    Geoffrey~Irving and
    Michael~Isard and
    Yangqing Jia and
    Rafal~Jozefowicz and
    Lukasz~Kaiser and
    Manjunath~Kudlur and
    Josh~Levenberg and
    Dandelion~Man\'{e} and
    Rajat~Monga and
    Sherry~Moore and
    Derek~Murray and
    Chris~Olah and
    Mike~Schuster and
    Jonathon~Shlens and
    Benoit~Steiner and
    Ilya~Sutskever and
    Kunal~Talwar and
    Paul~Tucker and
    Vincent~Vanhoucke and
    Vijay~Vasudevan and
    Fernanda~Vi\'{e}gas and
    Oriol~Vinyals and
    Pete~Warden and
    Martin~Wattenberg and
    Martin~Wicke and
    Yuan~Yu and
    Xiaoqiang~Zheng},
  year={2015},
}

@article{MTLoverview,
    author = "Sebastian Ruder",
    title = "An Overview of Multi-Task Learning in Deep Neural Networks",
    journal = "	arXiv:1706.05098 ",
    year = "2017 ",
    DOI = "https://arxiv.org/abs/1706.05098",
    keywords = "MTL"
}
@article{LeNet,
    author = "Yann LeCun and Léon Bottou and Yoshua Bengio and Patrick Haffner",
    title = "Gradient-Based Learning Applied to Document Recognition",
    journal = "Proc. of the IEEE",
    year = "November 1198",
  
    keywords = "LeNet5"
}

@MISC{MaxPoolImage,
author = {SuperDataScience Team},
title = {Convolutional Neural Networks (CNN): Step 2 - Max Pooling},
month = August,
year = {2018},
howpublished={\url{https://www.superdatascience.com/blogs/convolutional-neural-networks-cnn-step-2-max-pooling/}}
}